<?xml version="1.0" encoding="UTF-8"?><collection xmlns="http://www.loc.gov/MARC21/slim"><record><leader>00417nam--2200157-i-4500</leader><controlfield tag="001">000007984</controlfield><controlfield tag="002">20161230</controlfield><controlfield tag="005">20170205213840</controlfield><controlfield tag="008">060222s1000------------r-----000-0-eng-d</controlfield><datafield ind1=" " ind2=" " tag="080"><subfield code="a">92</subfield></datafield><datafield ind1=" " ind2=" " tag="245"><subfield code="a">Niels Bohr. His life and work as seen by his friends and colleagues</subfield></datafield><datafield ind1=" " ind2=" " tag="260"><subfield code="a">Amsterdam</subfield><subfield code="b">North-Holland Publ.Co</subfield><subfield code="c">1967</subfield></datafield><datafield ind1=" " ind2=" " tag="300"><subfield code="a">355 p</subfield></datafield><datafield ind1=" " ind2=" " tag="700"><subfield code="a">Rozental, S</subfield></datafield><datafield ind1=" " ind2=" " tag="852"><subfield code="a">25703</subfield></datafield><datafield ind1=" " ind2=" " tag="CAT"><subfield code="a">SYS</subfield><subfield code="c">20170205</subfield><subfield code="h">213840</subfield></datafield></record></collection>